% This file was created with JabRef 2.10.
% Encoding: UTF8

%Eksempler

@misc{AAlert,
    URL     ="https://www.lifeline.ca/en/fall-detection-technology-autoalert/",
    title   ="AutoAlert",
    year    ={2006},
    note    ="[Online; accessed 29-09-2017]"
}

@misc{AAlert:homesafe,
    URL     ="https://www.lifeline.ca/en/shop-lifeline/safety-solutions/homesafe-autoalert/",
    title   ="HomeSafe with AutoAlert",
    note    ="[Online; accessed 02-10-2017]"
}

@misc{hmi,
    URL     ="https://www.lifeline.ca/en/fall-detection-technology-autoalert/",
    title   ="Hjælpemiddeldatabasen",
    year    ={2006},
    note    ="[Online; accessed 29-09-2017]"
}

@misc{hmilak,
    URL     ="http://www.hmi-basen.dk/r11x.asp?linkinfo=48814",
    title   ="Sound-activated calling system",
    year    ={2006},
    note    ="[Online; accessed 29-09-2017]"
}

@misc{CodeReview1,
    URL     = "http://www.hmi-basen.dk",
    title   = "A database of different products used by the danish health care system",
    year    = {2017},
    month   = {3}
}

@misc{SundhedFald,
    URL     = "https://www.sundhed.dk/sundhedsfaglig/laegehaandbogen/geriatri/symptomer-og-tegn/fald-og-faldtendens-hos-aeldre/",
    title   = "Fald og faldtendens hos ældre",
    year    = {2016},
    month   = {6}
}

@misc{MagasinetSundhed:Pris,
    URL     = "http://www.magasinet-sundhed.dk/sundhed/artikler/forebyggelse-af-fald-blandt-aeldre-er-mangelfuld/",
    title   = "FOREBYGGELSE AF FALD BLANDT ÆLDRE ER MANGELFULD",
    note    ="[Online; accessed 20-09-2017]"
}

@misc{Sundhedsstyrrelsen:Faldpatienter,
    URL     = "http://www.sst.dk/~/media/1E493E28DB284605A110EEAF1EAE0503.ashx",
    title   = "Faldpatienter i den kliniske hverdag - rådgivning fra Sundhedsstyrrelsen",
    year    = {2006},
    month   = {8}
}

% BEGIN personal assistant

@misc{AmazonAlexa,
    URL     = "https://www.amazon.com/Amazon-Echo-And-Alexa-Devices/b?ie=UTF8\&node=9818047011",
    title   = "Echo \& Alexa Devices",
    note    ="[Online; accessed 20-09-2017]"
}

@misc{AmazonAlexa:UnderstandingCustomSkills,
    URL     = "https://developer.amazon.com/public/solutions/alexa/alexa-skills-kit/overviews/understanding-custom-skills",
    title   = "Understanding Custom Skills",
    note    ="[Online; accessed 20-09-2017]"
}


@misc{AppleSiri,
    URL     = "https://www.apple.com/ios/siri/",
    title   = "Siri",
    note    ="[Online; accessed 20-09-2017]"
}

@misc{AppleSiri:Sirikit,
    URL     = "https://developer.apple.com/documentation/sirikit",
    title   = "SiriKit",
    note    ="[Online; accessed 20-09-2017]"
}

@misc{MicrosoftCortana,
    URL     = "https://www.microsoft.com/en-us/windows/cortana",
    title   = "Cortana",
    note    ="[Online; accessed 20-09-2017]"
}

@misc{MicrosoftCortana:SetUpCommands,
    URL     = "https://docs.microsoft.com/en-us/windows/configuration/cortana-at-work/cortana-at-work-voice-commands",
    title   = "",
    note    ="[Online; accessed 20-09-2017]"
}

@misc{lifeline,
    URL     = "https://www.lifeline.ca/en/fall-detection-technology-autoalert/",
    title   = "Life line",
    note    ="[Online; accessed 20-09-2017]"
}

@misc{SamsungBixby,
    URL     = "http://www.samsung.com/us/explore/bixby/",
    title   = "Bixby",
    note    ="[Online; accessed 20-09-2017]"
}

@misc{GoogleNowAssistant,
    URL     = "https://www.cnet.com/how-to/the-difference-between-google-now-and-google-assistant/",
    title   = "The difference between Google Now and Google Assistant",
    note    ="[Online; accessed 20-09-2017]"
}


@misc{GoogleNowassistant:IFTTT,
    URL     = "https://support.google.com/googlehome/answer/7194656?co=GENIE.Platform\%3DDesktop\&hl=en",
    title   = "Create voice commands to control online services \& devices",
    note    ="[Online; accessed 20-09-2017]"
}

@misc{FacebookM,
    URL     = "https://www.engadget.com/2017/04/06/facebook-m-suggestions/",
    title   = "Facebook's AI assistant is ready to hang out in Messenger",
    year    = "2017",
    month   = "06",
    day     = "04",
    note    ="[Online; accessed 20-09-2017]"
}

% END personal assistant

@misc{PerFallD,
    author = {Dai, Jiangpeng and Bai, Xiaole and Yang, Zhimin and Shen, Zhaohui and Xuan, Dong},
    year = {2010},
    month = {10},
    pages = {292-297},
    title = {PerFallD: A Pervasive Fall Detection System Using Mobile Phones}
}

@misc{FaldArtikel,
    author = {Sundhedsstyrelsen},
    year = {2006},
    month = {8},
    title = {Faldpatienter i den kliniske hverdag - rådgivning fra Sundhedsstyrelsen}
}

@misc{CekuraFald,
    URL     = "http://www.cekura.dk/aktuelt/fald-hoftebrud/",
    title   = "Her er hvad du aldrig må gøre, hvis du som ældre falder alene hjemme",
    note    ="[Online; accessed 25-09-2017]"
}

@misc{frederikssund:arbejdesbeskrivelse,
    title = "Arbejdsgangsbeskrivelse af nødkald i henhold til Servicelovens § 112",
    note = "[accessed 02-10-2017]"
}

@misc{frederikssund:kvalitetsstandard,
    title = "Kvalitetsstandard for nødopkald",
    note = "[accessed 02-10-2017]"
}

@book{subook,
    author    = "Lars Mathiassen{,} Andreas Munk-Madsen{,} Peter Axel Nielsen and Jan Stage",
    title     = "Obejkt orienteret analyse \& design",
    year      = "2001",
    publisher = "Frolaget Marko",
    address   = "9000 Aalborg"
}

@book{restbook,
    author = "Leonard Richardson \& Mike Amundsen",
    title = "RESTful Web APIs",
    year = "2013",
    isbn = "978-1-449-35806-8",
    publisher = "O'Reilly"
    }

@misc{restapitutorial,
    title = "What Is REST?",
    URL = "http://www.restapitutorial.com/lessons/whatisrest.html",
    note = {accessed 20-11-2017}
}

@misc{restwikipedia,
    title = "Representational State Transfer",
    URL = "https://en.wikipedia.org/wiki/Representational_state_transfer",
    note = {accessed 20-11-2017}
}

@misc{firebasePlugin,
    title = "Firebase Push Notification Plugin",
    URL = "https://github.com/CrossGeeks/FirebasePushNotificationPlugin",
    note = {accessed 19-12-2017}
}

@misc{numberofelders,
    title = "Antal Ældre",
    author = "Ældre Sagen",
    note = {PDF, accessed 22-11-2017}
}

@misc{xamarin,
    title = "Xamarin",
    URL = "https://www.xamarin.com/",
    note = {accessed 11-12-2017}
}

@misc{xcode,
    title = "Xcode",
    URL = "https://developer.apple.com/xcode/",
    note = {accessed 11-12-2017}
}

@misc{doro,
    title = "Doro phones",
    URL = "https://www.doro.dk/",
    note = {accessed 11-12-2017}
}

@misc{unittest,
    title = "Python unittest",
    URL = "https://docs.python.org/3/library/unittest.html",
    note = {accessed 12-12-2017}
}


@misc{JWT,
    title = "JSON Web Tokens",
    URL = "https://jwt.io",
    note = {accessed 12-12-2017}
}

@misc{Python:UUID,
    title = "UUID objects according to RFC 4122",
    URL = "https://docs.python.org/3.1/library/uuid.html#uuid.uuid4",
    note = {accessed 12-12-2017}
}

@misc{fcmplugin,
    title = "Firebase Push Notification Plugin",
    URL = "https://github.com/CrossGeeks/FirebasePushNotificationPlugin",
    note = {accessed 15-12-2017}
}

% control panel

@misc{controlPanel:Skeleton,
    title = "Skeleton: Response CSS Boilerplate",
    URL = "http://getskeleton.com/"
    %note = {accessed 12-12-2017}
}

@misc{controlPanel:MaterialIcons,
    title = "Material design",
    URL = "https://material.io/icons/"
    %note = {accessed 12-12-2017}
}

@misc{controlPanel:PrettyCheckbox,
    title = "A pure CSS library to beautify checkbox and radio buttons",
    URL = "https://lokesh-coder.github.io/pretty-checkbox/"
    %note = {accessed 12-12-2017}
}
@misc{controlPanel:Jquery,
    title = "Jquery",
    URL = "https://jquery.com/"
    %note = {accessed 12-12-2017}
}

@misc{controlPanel:JsTemplates,
    title = "A lightweight pure JavaScript templating engine",
    URL = "https://github.com/rosenbjerg/JsTemplates"
    %note = {accessed 12-12-2017}
}

@misc{aws:webhosting,
title = "Web Hosting",
URL = "https://aws.amazon.com/websites/",
note = {accessed 18-12-2017}
}


@misc{aws:iamres,
title = "IAM Resource",
URL = "http://docs.aws.amazon.com/IAM/latest/UserGuide/reference_policies_elements.html",
note = {accessed 18-12-2017}
}


@misc{IFTTT,
title = "IFTTT",
URL = "https://ifttt.com/",
note = {accessed 19-12-2017}
}

@misc{alexa,
title = "Amazon Alexa",
URL = "https://developer.amazon.com/alexa",
note = {accessed 19-12-2017}
}

@misc{hue,
title = "Philips Hue",
URL = "https://www.store.meethue.com/",
note = {accessed 19-12-2017}
}

@misc{smartgrow,
title = "Growing amount of smart devices",
URL = "https://www.forbes.com/sites/michaelkanellos/2016/03/03/152000-smart-devices-every-minute-in-2025-idc-outlines-the-future-of-smart-things/#6003d8bb4b63",
note = {accessed 20-12-2017}
}

@article{sum:sundhedsudgifter,
    author = "Ministry of Health",
    year = "2016",
    title="Faktaark sundhedsudgifter",
    URL = "https://www.sum.dk/Sundhed/Sundhedsvaesnet/Sundhedsoekonomi/~/media/Sundhedsvaesen_oekonomi/Faktaark\%20sundhedsudgifter.ashx",
}

@book{aeldrepdf,
    author    = "Ældre sagen",
    title     = "2017 Ældre i tal",
    year      = "2017",
    URL       = "https://www.aeldresagen.dk/-/media/aeldresagen-dk/delte/dokumentation/aeldre-i-tal/2017-aeldre-i-tal-antal-aeldre.pdf"
}

@misc{faldkost,
title = "Dyre fald",
URL = "https://dsr.dk/sygeplejersken/arkiv/ff-nr-2017-4/forebyg-med-systematik-og-maalrettet-kommunikation",
note = {accessed 20-12-2017}
}

@misc{sarita,
title = "Sarita",
URL = "https://www.sarita.dk/",
note = {accessed 20-12-2017}
}

@misc{saritaacceptance,
title = "Sarita",
URL = "https://www.sarita.dk/produkt.html",
note = {accessed 20-12-2017}
}

@misc{bcrypt,
title = "bcrypt",
URL = "https://pypi.python.org/pypi/bcrypt/3.1.0",
note = {accessed 20-12-2017}
}

@misc{oxford:smartphone,
URL = "https://en.oxforddictionaries.com/definition/smartphone",
note = {accessed 20-12-2017}
}

@misc{smartphonecarry,
title = "90\% carry their smartphone with them frequently",
URL = "http://www.pewinternet.org/2015/08/26/chapter-1-always-on-connectivity/#fn-14328-1",
note = {accessed 20-12-2017}
}

@misc{postman,
title = "Postman",
URL = "https://www.getpostman.com/",
note = {accessed 20/12-2017}
}